<record><leader>00000cas a22000007a 4500</leader><controlfield tag="001">12990217</controlfield><controlfield tag="008">860108d19211949wiuwr ne      0    0eng d</controlfield><datafield ind1=" " ind2=" " tag="010"><subfield code="a">sn 86086017 </subfield></datafield><datafield ind1=" " ind2=" " tag="040"><subfield code="a">NPV</subfield><subfield code="b">eng</subfield><subfield code="c">NPV</subfield><subfield code="d">OCLCQ</subfield></datafield><datafield ind1=" " ind2=" " tag="042"><subfield code="a">msc</subfield></datafield><datafield ind1=" " ind2=" " tag="045"><subfield code="a">x2x4</subfield></datafield><datafield ind1=" " ind2=" " tag="052"><subfield code="a">4123</subfield><subfield code="b">C6</subfield></datafield><datafield ind1="0" ind2="4" tag="245"><subfield code="a">The Pardeeville-Wyocena times.</subfield></datafield><datafield ind1="1" ind2="3" tag="246"><subfield code="a">Pardeeville times</subfield></datafield><datafield ind1=" " ind2=" " tag="260"><subfield code="a">Pardeeville, Wis. :</subfield><subfield code="b">[s.n.],</subfield><subfield code="c">1921-1949.</subfield></datafield><datafield ind1=" " ind2=" " tag="300"><subfield code="a">16 v. :</subfield><subfield code="b">ill.</subfield></datafield><datafield ind1=" " ind2=" " tag="310"><subfield code="a">Weekly</subfield></datafield><datafield ind1="0" ind2=" " tag="362"><subfield code="a">Vol. 33, no. 46 (June 17, 1921)-v. 61, no. 27 (July 7, 1949).</subfield></datafield><datafield ind1=" " ind2=" " tag="500"><subfield code="a">Title varies: Pardeeville times, Sept. 28, 1939-Sept. 26, 1940.</subfield></datafield><datafield ind1=" " ind2=" " tag="500"><subfield code="a">On masthead: Columbia County news, Jan. 2, 1936-Oct. 28, 1937.</subfield></datafield><datafield ind1=" " ind2=" " tag="500"><subfield code="a">Publisher varies.</subfield></datafield><datafield ind1=" " ind2=" " tag="500"><subfield code="a">Editors: H.P. Thompson, June 17, 1921-Oct. 5, 1928; E. Taylor, Oct. 12, 1928-May 19, 1932; G. Thompson, &lt;June 2&gt;-Sept. 1, 1932; C.B. Webb, Oct. 8, 1932-April 26, 1934; E.H. White, May 3, 1934-Jan. 21 1937; H.P. Thompson, Feb. 16, 1939-Sept. 26, 1946; R.S. Thompson, Oct. 3, 1946-Jan. 15, 1948; R.S. &amp; R.H. Thompson, Jan. 22, 1948-July 7, 1949.</subfield></datafield><datafield ind1=" " ind2=" " tag="525"><subfield code="a">Supplements accompany some issues.</subfield></datafield><datafield ind1=" " ind2=" " tag="530"><subfield code="a">Available on microfilm from The State Historical Society of Wisconsin.</subfield></datafield><datafield ind1=" " ind2=" " tag="580"><subfield code="a">Absorbed: Cambria news, June 2, 1949.</subfield></datafield><datafield ind1=" " ind2=" " tag="752"><subfield code="a">United States</subfield><subfield code="b">Wisconsin</subfield><subfield code="c">Columbia</subfield><subfield code="d">Pardeeville.</subfield></datafield><datafield ind1=" " ind2=" " tag="752"><subfield code="a">United States</subfield><subfield code="b">Wisconsin</subfield><subfield code="c">Columbia</subfield><subfield code="d">Wyocena.</subfield></datafield><datafield ind1="0" ind2="0" tag="780"><subfield code="t">Times (Pardeeville, Wis.)</subfield><subfield code="w">(DLC)sn 86086016</subfield></datafield><datafield ind1="1" ind2="5" tag="780"><subfield code="t">Cambria news</subfield><subfield code="w">(DLC)sn 85041266</subfield></datafield><datafield ind1="0" ind2="0" tag="785"><subfield code="t">Pardeeville-Wyocena times and the Cambria news</subfield><subfield code="w">(DLC)sn 86086018</subfield></datafield><datafield ind1="1" ind2=" " tag="029"><subfield code="a">AU@</subfield><subfield code="b">000025822213</subfield></datafield></record>